</mathscinet> 	*Navigate MathSciNet*

  	  	*Support Mail* </msncgi/msn_mailto> * | * 	*Help*
</msnhtml/headline_review_help.html> * | * 	*FAQ* </msnhtml/FAQ.html>

*Selected Matches for: *Title="common principal components"
------------------------------------------------------------------------

@article {MR2208846,
    AUTHOR = {Boente, Graciela and Pires, Ana M. and Rodrigues, Isabel M.},
     TITLE = {General projection-pursuit estimators for the common principal
              components model: influence functions and {M}onte {C}arlo
              study},
   JOURNAL = {J. Multivariate Anal.},
  FJOURNAL = {Journal of Multivariate Analysis},
    VOLUME = {97},
      YEAR = {2006},
    NUMBER = {1},
     PAGES = {124--147},
      ISSN = {0047-259X},
   MRCLASS = {62H25},
  MRNUMBER = {MR2208846},
}
@article {MR1986656,
    AUTHOR = {Schott, James R.},
     TITLE = {Weighted chi-squared tests for partial common principal
              component subspaces},
   JOURNAL = {Biometrika},
  FJOURNAL = {Biometrika},
    VOLUME = {90},
      YEAR = {2003},
    NUMBER = {2},
     PAGES = {411--421},
      ISSN = {0006-3444},
     CODEN = {BIOKAX},
   MRCLASS = {62H25 (62H15 62P10)},
  MRNUMBER = {MR1986656 (2004d:62217)},
}
@article {MR1946516,
    AUTHOR = {Boente, Graciela and Pires, Ana M. and Rodrigues, Isabel M.},
     TITLE = {Influence functions and outlier detection under the common
              principal components model: a robust approach},
   JOURNAL = {Biometrika},
  FJOURNAL = {Biometrika},
    VOLUME = {89},
      YEAR = {2002},
    NUMBER = {4},
     PAGES = {861--875},
      ISSN = {0006-3444},
     CODEN = {BIOKAX},
   MRCLASS = {62H25 (62J10)},
  MRNUMBER = {MR1946516 (2003j:62093)},
MRREVIEWER = {P. Laurie Davies},
}
@article {MR1868292,
    AUTHOR = {Gu, Hong and Fung, Wing K.},
     TITLE = {Influence diagnostics in common principal components analysis},
   JOURNAL = {J. Multivariate Anal.},
  FJOURNAL = {Journal of Multivariate Analysis},
    VOLUME = {79},
      YEAR = {2001},
    NUMBER = {2},
     PAGES = {275--294},
      ISSN = {0047-259X},
   MRCLASS = {62H25 (62H12)},
  MRNUMBER = {MR1868292 (2002h:62178)},
}
@incollection {MR1843174,
    AUTHOR = {Boente, Graciela and Orellana, Liliana},
     TITLE = {A robust approach to common principal components},
 BOOKTITLE = {Statistics in genetics and in the environmental sciences
              (Ascona, 1999)},
    SERIES = {Trends Math.},
     PAGES = {117--145},
 PUBLISHER = {Birkh\"auser},
   ADDRESS = {Basel},
      YEAR = {2001},
   MRCLASS = {62F35 (62H25)},
  MRNUMBER = {MR1843174},
}
@article {MR1802547,
    AUTHOR = {Neuenschwander, Beat E. and Flury, Bernard D.},
     TITLE = {Common principal components for dependent random vectors},
   JOURNAL = {J. Multivariate Anal.},
  FJOURNAL = {Journal of Multivariate Analysis},
    VOLUME = {75},
      YEAR = {2000},
    NUMBER = {2},
     PAGES = {163--183},
      ISSN = {0047-259X},
   MRCLASS = {62H25 (62F10 62F12)},
  MRNUMBER = {MR1802547 (2002f:62068)},
MRREVIEWER = {Jacques Dauxois},
}
@article {MR1741985,
    AUTHOR = {Schott, James R.},
     TITLE = {Partial common principal component subspaces},
   JOURNAL = {Biometrika},
  FJOURNAL = {Biometrika},
    VOLUME = {86},
      YEAR = {1999},
    NUMBER = {4},
     PAGES = {899--908},
      ISSN = {0006-3444},
     CODEN = {BIOKAX},
   MRCLASS = {62H25},
  MRNUMBER = {MR1741985 (2000k:62120)},
}
@article {MR1647715,
    AUTHOR = {Nel, D. G. and Pienaar, I.},
     TITLE = {The decomposition of the {B}ehrens-{F}isher statistic in
              {$q$}-dimensional common principal component submodels},
   JOURNAL = {Ann. Inst. Statist. Math.},
  FJOURNAL = {Annals of the Institute of Statistical Mathematics},
    VOLUME = {50},
      YEAR = {1998},
    NUMBER = {2},
     PAGES = {241--252},
      ISSN = {0020-3157},
     CODEN = {AISXAD},
   MRCLASS = {62H25},
  MRNUMBER = {MR1647715 (99i:62137)},
}
@article {MR1310196,
    AUTHOR = {Yuan, Ke-Hai and Bentler, P. M.},
     TITLE = {Test of linear trend in eigenvalues of {$k$} covariance
              matrices with applications in common principal components
              analysis},
   JOURNAL = {Comm. Statist. Theory Methods},
  FJOURNAL = {Communications in Statistics. Theory and Methods},
    VOLUME = {23},
      YEAR = {1994},
    NUMBER = {11},
     PAGES = {3141--3156},
      ISSN = {0361-0926},
     CODEN = {CSTMDC},
   MRCLASS = {62H15},
  MRNUMBER = {MR1310196},
}
@article {MR1220297,
    AUTHOR = {Fujioka, Teruo},
     TITLE = {An approximate test for common principal component subspaces
              in two groups},
   JOURNAL = {Ann. Inst. Statist. Math.},
  FJOURNAL = {Annals of the Institute of Statistical Mathematics},
    VOLUME = {45},
      YEAR = {1993},
    NUMBER = {1},
     PAGES = {147--158},
      ISSN = {0020-3157},
     CODEN = {AISXAD},
   MRCLASS = {62H25 (62H15)},
  MRNUMBER = {MR1220297 (94d:62150)},
MRREVIEWER = {S. John},
}
@article {MR1147013,
    AUTHOR = {Schott, James R.},
     TITLE = {Some tests for common principal component subspaces in several
              groups},
   JOURNAL = {Biometrika},
  FJOURNAL = {Biometrika},
    VOLUME = {78},
      YEAR = {1991},
    NUMBER = {4},
     PAGES = {771--777},
      ISSN = {0006-3444},
     CODEN = {BIOKAX},
   MRCLASS = {62H25},
  MRNUMBER = {MR1147013},
}
@article {MR1067045,
    AUTHOR = {Krzanowski, W. J.},
     TITLE = {Between-group analysis with heterogeneous covariance matrices:
              the common principal component model},
   JOURNAL = {J. Classification},
  FJOURNAL = {Journal of Classification},
    VOLUME = {7},
      YEAR = {1990},
    NUMBER = {1},
     PAGES = {81--98},
      ISSN = {0176-4268},
   MRCLASS = {62H25},
  MRNUMBER = {MR1067045},
}
@article {MR1016035,
    AUTHOR = {Schott, James R.},
     TITLE = {Correction to: ``{C}ommon principal component subspaces in two
              groups'' [{B}iometrika {\bf 75} (1988), no.\ 2, 229--236;
              {MR}0946048 (89c:62098)]},
   JOURNAL = {Biometrika},
  FJOURNAL = {Biometrika},
    VOLUME = {76},
      YEAR = {1989},
    NUMBER = {2},
     PAGES = {408},
      ISSN = {0006-3444},
     CODEN = {BIOKAX},
   MRCLASS = {62H25},
  MRNUMBER = {MR1016035 (90i:62074)},
}
@book {MR986245,
    AUTHOR = {Flury, Bernhard},
     TITLE = {Common principal components and related multivariate models},
    SERIES = {Wiley Series in Probability and Mathematical Statistics:
              Applied Probability and Statistics},
 PUBLISHER = {John Wiley \& Sons Inc.},
   ADDRESS = {New York},
      YEAR = {1988},
     PAGES = {xiv+258},
      ISBN = {0-471-63427-1},
   MRCLASS = {62H25},
  MRNUMBER = {MR986245 (90a:62153)},
MRREVIEWER = {P. A. K. Covey-Crump},
}
@article {MR946048,
    AUTHOR = {Schott, James R.},
     TITLE = {Common principal component subspaces in two groups},
   JOURNAL = {Biometrika},
  FJOURNAL = {Biometrika},
    VOLUME = {75},
      YEAR = {1988},
    NUMBER = {2},
     PAGES = {229--236},
      ISSN = {0006-3444},
     CODEN = {BIOKAX},
   MRCLASS = {62H25},
  MRNUMBER = {MR946048 (89c:62098)},
}
@article {MR885919,
    AUTHOR = {Flury, Bernhard K.},
     TITLE = {Two generalizations of the common principal component model},
   JOURNAL = {Biometrika},
  FJOURNAL = {Biometrika},
    VOLUME = {74},
      YEAR = {1987},
    NUMBER = {1},
     PAGES = {59--69},
      ISSN = {0006-3444},
     CODEN = {BIOKAX},
   MRCLASS = {62H25 (62H12)},
  MRNUMBER = {MR885919 (88d:62102)},
MRREVIEWER = {Richard A. Johnson},
}
@article {MR840506,
    AUTHOR = {Flury, Bernard N.},
     TITLE = {Asymptotic theory for common principal component analysis},
   JOURNAL = {Ann. Statist.},
  FJOURNAL = {The Annals of Statistics},
    VOLUME = {14},
      YEAR = {1986},
    NUMBER = {2},
     PAGES = {418--430},
      ISSN = {0090-5364},
     CODEN = {ASTSC7},
   MRCLASS = {62H25 (62E20 62H15)},
  MRNUMBER = {MR840506 (87j:62093)},
MRREVIEWER = {Yasuko Chikuse},
}
@article {MR770284,
    AUTHOR = {Flury, Bernhard N.},
     TITLE = {Common principal components in {$k$} groups},
   JOURNAL = {J. Amer. Statist. Assoc.},
  FJOURNAL = {Journal of the American Statistical Association},
    VOLUME = {79},
      YEAR = {1984},
    NUMBER = {388},
     PAGES = {892--898},
      ISSN = {0162-1459},
     CODEN = {JSTNAL},
   MRCLASS = {62H25},
  MRNUMBER = {MR770284 (86b:62099)},
}

------------------------------------------------------------------------

------------------------------------------------------------------------
American Mathematical Society <http://www.ams.org/> 	American
Mathematical Society
201 Charles Street
Providence, RI 02904-6248 USA

	© Copyright 2006, American Mathematical Society
<http://www.ams.org/ams/copyright.html>
Privacy Statement <http://www.ams.org/ams/privacy.html>

 

